@book{martin,
	title = {Sport climbs in the {Canadian} {Rockies}},
	isbn = {9781771601023},
	language = {English},
	author = {Martin, John and Jones, Jon},
	year = {2016},
  edition = {7},
  publisher = {Rocky Mountain Books}
}

@book{galloway,
	title = {Bow Valley Sport},
	isbn = {9780987779687},
	language = {English},
	author = {Galloway, Derek},
	year = {2017},
  edition = {2},
  publisher = {Quickdraw Publications}
}

@book{perry,
	title = {Banff Rock},
	isbn = {092110247x},
	language = {English},
	author = {Perry, Chris and Josephson, Joe},
	year = {2000},
  publisher = {Rocky Mountain Books}
}

@book{yonge,
	title = {A climber's guide to Kid Goat Crag},
	isbn = {9780987936905},
	language = {English},
	author = {Yonge, Charles},
	year = {2012}
}